<?xml version="1.0" encoding="UTF-8"?>
<collection xmlns:xsi="http://www.w3.org/2001/XMLSchema-instance" xsi:schemaLocation="http://www.loc.gov/MARC21/slim http://www.loc.gov/standards/marcxml/schema/MARC21slim.xsd" xmlns="http://www.loc.gov/MARC21/slim">
<record>
  <leader>00776cam a22002051  4500</leader>
  <controlfield tag="001">3076286</controlfield>
  <controlfield tag="003">NNC</controlfield>
  <controlfield tag="005">20130426015722.0</controlfield>
  <controlfield tag="008">010828s1931    ua            000 0 ara d</controlfield>
  <datafield tag="035" ind1=" " ind2=" ">
    <subfield code="a">(OCoLC)ocm47856780</subfield>
  </datafield>
  <datafield tag="035" ind1=" " ind2=" ">
    <subfield code="9">ATP9871CU</subfield>
  </datafield>
  <datafield tag="035" ind1=" " ind2=" ">
    <subfield code="a">(NNC)3076286</subfield>
  </datafield>
  <datafield tag="040" ind1=" " ind2=" ">
    <subfield code="a">ZCU</subfield>
    <subfield code="c">ZCU</subfield>
  </datafield>
  <datafield tag="099" ind1=" " ind2=" ">
    <subfield code="a">893.7K84</subfield>
    <subfield code="a">DH7</subfield>
  </datafield>
  <datafield tag="100" ind1="1" ind2=" ">
    <subfield code="a">Ḥusaynī, Muḥammad ibn ʻAlī ibn Khalaf.</subfield>
  </datafield>
  <datafield tag="245" ind1="1" ind2="0">
    <subfield code="a">Khulāsat al-nusūṣ al-jalīyah fī nuzūl al-Qurʾān wa-jamʻihī wa-ḥukm ittibāʻ rasm al-maṣāhif al-ʻUthmānīyah /</subfield>
    <subfield code="c">li-Muḥammad ibn ʻAlī ibn Khalaf al-Ḥusaynī al-shahīr bi-al-Ḥaddād. Ṣaḥḥaḥahū Yūsuf al-Rūbī.</subfield>
  </datafield>
  <datafield tag="260" ind1=" " ind2=" ">
    <subfield code="a">[al-Qāhirah]</subfield>
    <subfield code="b">al-Maṭb. al-Miṣrīyah</subfield>
    <subfield code="c">[1931]</subfield>
  </datafield>
  <datafield tag="300" ind1=" " ind2=" ">
    <subfield code="a">52 p.</subfield>
  </datafield>
  <datafield tag="630" ind1="0" ind2="0">
    <subfield code="a">Qurʼan.</subfield>
  </datafield>
  <datafield tag="955" ind1=" " ind2=" ">
    <subfield code="b">CU58886192</subfield>
    <subfield code="d">off,glx</subfield>
    <subfield code="e">893.7K84 DH7</subfield>
  </datafield>
</record>
</collection>